@book{apostol2004mathematical,
  title={Mathematical Analysis: },
  author={Apostol, T.M.},
  isbn={9787111146896},
  series={HZ Books},
  url={https://books.google.com.co/books?id=ZRK-PAAACAAJ},
  year={2004},
  publisher={China Machine Press}
}

@book{fraleigh2003first,
  title={A First Course in Abstract Algebra},
  author={Fraleigh, J.B.},
  isbn={9788177589009},
  lccn={2002019357},
  url={https://books.google.com.co/books?id=gGJ2c6db8tYC},
  year={2003},
  publisher={Pearson Education}
}

